@article{example,
  author          = {author},
  journal         = {journal},
  number          = {number},
  title           = {title},
  volume          = {volume},
  year            = {year}
}