%% Introduction 
@article{moyano2010accidente,
  title={El accidente cerebrovascular desde la mirada del rehabilitador},
  author={Moyano, {\'A}lvaro},
  journal={Rev Hosp Cl{\'\i}n Univ Chile},
  volume={21},
  pages={348--55},
  year={2010}
}

@article{cuadrado2009rehabilitacion,
  title={Rehabilitaci{\'o}n del ACV: evaluaci{\'o}n, pron{\'o}stico y tratamiento},
  author={Cuadrado, {\'A}ngel Arias},
  journal={Galicia Cl{\'\i}nica},
  volume={70},
  number={3},
  pages={25--40},
  year={2009},
  publisher={Sociedade Galega de Medicina Interna (SOGAMI)}
}

@article{harold2007guidelines,
  title={Guidelines for the early management of adults with ischemic stroke},
  author={Harold, P Adams and Gregory, del Zoppo and Mark, J Alberts and Deepak, L Bhatt and Lawrence, Brass and Anthony, Furlan and Robert, L Grubb and Randall, T Higashida and Edward, C Jauch and Chelsea, Kidwell and others},
  journal={Stroke},
  volume={38},
  number={5},
  pages={1655--1711},
  year={2007},
  publisher={Ovid Technologies (Wolters Kluwer Health)}
}

@article{regalon12019juegos,
  title={Los juegos serios en el entrenamiento y la rehabilitaci{\'o}n cognitiva},
  author={Regal{\'o}n$^1$, Jos{\'e} Antonio Leyva and C{\'e}spedes, Irisleydis Mayol},
  journal={Revista Cubana de Inform{\'a}tica M{\'e}dica},
  volume={11},
  number={2},
  pages={140--157},
  year={2019}
}